<record><leader>00000cas a2200000 a 4500</leader><controlfield tag="001">10608200</controlfield><controlfield tag="008">840409d19021923ilu x ne      0   a0eng c</controlfield><datafield ind1=" " ind2=" " tag="010"><subfield code="a">  2013271041</subfield></datafield><datafield ind1=" " ind2=" " tag="040"><subfield code="a">CRL</subfield><subfield code="b">eng</subfield><subfield code="c">CRL</subfield><subfield code="d">NVF</subfield><subfield code="d">OCLCQ</subfield><subfield code="d">NVF</subfield><subfield code="d">OCLCF</subfield><subfield code="d">OCLCO</subfield></datafield><datafield ind1=" " ind2=" " tag="042"><subfield code="a">pcc</subfield></datafield><datafield ind1=" " ind2=" " tag="043"><subfield code="a">n-us-il</subfield></datafield><datafield ind1="0" ind2="0" tag="245"><subfield code="a">Dry goods reporter.</subfield></datafield><datafield ind1=" " ind2=" " tag="260"><subfield code="a">Chicago [Ill.] :</subfield><subfield code="b">[s.n.],</subfield><subfield code="c">1902-1923.</subfield></datafield><datafield ind1=" " ind2=" " tag="300"><subfield code="a">v. :</subfield><subfield code="b">ill.</subfield></datafield><datafield ind1=" " ind2=" " tag="310"><subfield code="a">Frequency varies.</subfield></datafield><datafield ind1="0" ind2=" " tag="362"><subfield code="a">Vol. 32, no. 18 (May 1902)-</subfield></datafield><datafield ind1="1" ind2=" " tag="362"><subfield code="a">Ceased Nov. 10, 1923.</subfield></datafield><datafield ind1=" " ind2=" " tag="500"><subfield code="a">Previously classified as a periodical.</subfield></datafield><datafield ind1=" " ind2=" " tag="525"><subfield code="a">Some issues include supplements.</subfield></datafield><datafield ind1=" " ind2="0" tag="650"><subfield code="a">Dry-goods</subfield><subfield code="z">Illinois</subfield><subfield code="z">Chicago</subfield><subfield code="v">Newspapers.</subfield></datafield><datafield ind1=" " ind2="7" tag="655"><subfield code="a">Newspapers.</subfield><subfield code="2">fast</subfield><subfield code="0">(OCoLC)fst01423814</subfield></datafield><datafield ind1=" " ind2="7" tag="650"><subfield code="a">Dry-goods.</subfield><subfield code="2">fast</subfield><subfield code="0">(OCoLC)fst00899157</subfield></datafield><datafield ind1=" " ind2="7" tag="651"><subfield code="a">Illinois</subfield><subfield code="z">Chicago.</subfield><subfield code="2">fast</subfield><subfield code="0">(OCoLC)fst01204048</subfield></datafield><datafield ind1=" " ind2=" " tag="752"><subfield code="a">United States</subfield><subfield code="b">Illinois</subfield><subfield code="c">Cook</subfield><subfield code="d">Chicago.</subfield></datafield><datafield ind1="0" ind2="0" tag="780"><subfield code="t">Chicago dry goods reporter</subfield><subfield code="w">(DLC)sn 91055786</subfield><subfield code="w">(OCoLC)10131440</subfield></datafield><datafield ind1="0" ind2="0" tag="785"><subfield code="t">Drygoods reporter and midwest merchant-economist</subfield></datafield></record>